@article{ModernInstrumentation,
  author = "D. K. Fisher and P. J. Gould",
  title = "Open-Source Hardware Is a Low-Cost Alternative for Scientific Instrumentation and Research",
  journal = "Modern Instrumentation",
  volume = "01",
  number = "02",
  pages = "8–20",
  year = "2012"
}
@article{Instrumentino,
 author = "I. J. Koenka and J. Sáiz and P. C. Hauser",
 title = "Instrumentino: An open-source modular Python framework for controlling Arduino based experimental instruments",
  journal = "Computer Physics Communications",
  volume = "185",
  number = "10",
  pages = "2724–2729",
  month = "10",
  year = "2014"
}
@article{ArduinoLatenz,
  author = "T. W. Schubert and A. D’Ausilio and R. Canto",
  title = "Using Arduino microcontroller boards to measure response latencies" ,
  journal = "Behavior Research Methods",
  volume = "45",
  number = "4",
  pages = "1332–1346",
  month = "12",
  year = "2013"
}
@article{opensourceDataLogger,
  author = "E. Baker", 
  title = "Open source data logger for low-cost environmental monitoring",
  journal = "Biodiversity Data Journal",
  volume = "2",
  pages = "1059",
  month = "2",
  year = "2014"
}
@inproceedings{johansson_case_2007,
        title = {A case study of how user interface sketches, scenarios and computer prototypes structure stakeholder meetings},
        url = {http://dl.acm.org/citation.cfm?id=1531318},
        urldate = {2015-04-11},
        booktitle = {Proceedings of the 21st {British} {HCI} {Group} {Annual} {Conference} on {People} and {Computers}: {HCI}... but not as we know it-{Volume} 1},
        publisher = {British Computer Society},
        author = {Johansson, Maria and Arvola, Mattias},
        year = {2007},
        pages = {177--184},
        file = {ewic_hc07_lppaper18.pdf:/run/media/onkeliroh/Data/Owncloud/Studium/Bachelorarbeit/Literatur/ewic_hc07_lppaper18.pdf:application/pdf}
}
@book{joshua_m._pearce_open-source_2014,
        address = {Boston},
        edition = {1},
        title = {Open-{Source} {Lab}},
        isbn = {9780124104624},
        publisher = {Elsevier},
        author = {{Joshua M. Pearce}},
        year = {2014}
}
@article{dedrick_inexpensive_2000,
        title = {An inexpensive, microprocessor-based, data logging system},
        volume = {26},
        number = {9},
        journal = {Computers \& Geosciences},
        author = {Dedrick, Robert R. and Halfman, John D. and McKinney, D. Brooks},
        year = {2000},
        pages = {1059--1066}
}