@article{ModernInstrumentation,
  author = "D. K. Fisher and P. J. Gould",
  title = "Open-Source Hardware Is a Low-Cost Alternative for Scientific 
Instrumentation and Research",
  journal = "Modern Instrumentation",
  volume = "01",
  number = "02",
  pages = "8–20",
  year = "2012"
}
@article{Instrumentino,
 author = "I. J. Koenka, J. Sáiz, and P. C. Hauser",
 title = “Instrumentino: An open-source modular Python framework for controlling 
Arduino based experimental instruments”,
  journal = "Computer Physics Communications",
  volume = "185",
  number = "10",
  pages = "2724–2729",
  month = "10",
  year = "2014"
}
@article{ArduinoLatenz,
  author = "T. W. Schubert, A. D’Ausilio, and R. Canto",
  title = “Using Arduino microcontroller boards to measure response latencies” ,
  journal = "Behavior Research Methods",
  volume = "45",
  number = "4",
  pages = "1332–1346",
  month = "12",
  year = "2013"
}
@article{opensourceDataLogger
  author = "E. Baker", 
  title = “Open source data logger for low-cost environmental monitoring”,
  journal = "Biodiversity Data Journal",
  volume = "2",
  pages = "1059",
  month = "2",
  year = "2014"
